@book{berman2005algorithms,
  address = {Boston, Mass.},
  author = {Berman, Kenneth A. and Paul, Jerome L.},
  primaryauthor = {Berman, Kenneth A.},
  publisher = {Thomson, Course Technology},
  shorttitle = {Algorithms},
  title = {Algorithms: Sequential, Parallel, and Distributed},
  year = 2005
}
@book{cormenalgorithms2009,
author = {Cormen, Thomas H. and Leiserson, Charles E. and Rivest, Ronald L. and Stein, Clifford},
title = {Introduction to Algorithms},
year = {2009},
edition = {3},
OPTvolumes = {•},
OPTseries = {•},
OPTnumber = {•},
OPTnote = {•},
OPTpublisher = {•},
OPTlocation = {Cambridge, Massachusetts},
OPTisbn = {978-0-262-53305-8}
}
@InProceedings{baeza1989,
author = {Baeza-Yates, R.},
title = {String Searching Algorithms Revisited},
booktitle = {Lecture Notes on Computer Science},
year = {1989},
editor = {F. Dehne and J.-R. Sack and N. Santoro},
volume = {382},
address = {Ottawa, Kanada},
organization = {Workshop in Algorithms and Data Structures},
publisher = {Springer Verlag}
}
